%%%%%%%%%%%%%%%%%
%% Metarouting %%
%%%%%%%%%%%%%%%%%

@article{griffin05metarouting,
  title={Metarouting},
  author={Griffin, Timothy G and Sobrinho, Jo{\"a}o Lu{\'\i}s},
  journal={ACM SIGCOMM Computer Communication Review},
  volume={35},
  number={4},
  pages={1--12},
  year={2005},
  publisher={ACM}
}

@inproceedings{griffin10stratified,
  title={The stratified shortest-paths problem},
  author={Griffin, Timothy G},
  booktitle={COMSNETS},
  pages={1--10},
  year={2010}
}

%%%%%%%%%%%%%%%%%%%%
% Existing results %
%%%%%%%%%%%%%%%%%%%%

@book{bertsekas92data,
  title={Data networks},
  author={Bertsekas, Dimitri P and Gallager, Robert G and Humblet, Pierre},
  volume={2},
  year={1992},
  publisher={Prentice-Hall International New Jersey}
}

@article{gao2001stable,
  title={Stable Internet routing without global coordination},
  author={Gao, Lixin and Rexford, Jennifer},
  journal={IEEE/ACM Transactions on Networking (TON)},
  volume={9},
  number={6},
  pages={681--692},
  year={2001},
  publisher={IEEE Press}
}

@article{griffin02dispute,
  title={The stable paths problem and interdomain routing},
  author={Griffin, Timothy G and Shepherd, F Bruce and Wilfong, Gordon},
  journal={IEEE/ACM Transactions on Networking (ToN)},
  volume={10},
  number={2},
  pages={232--243},
  year={2002},
  publisher={IEEE Press}
}

@inproceedings{sobrinho03network,
  title={Network routing with path vector protocols: Theory and applications},
  author={Sobrinho, Joao Luis},
  booktitle={Proceedings of the 2003 conference on Applications, technologies, architectures, and protocols for computer communications},
  pages={49--60},
  year={2003},
  organization={ACM}
}

@article{sobrinho2005algebraic,
  title={An algebraic theory of dynamic network routing},
  author={Sobrinho, Jo{\~a}o Lu{\'\i}s},
  journal={IEEE/ACM Transactions on Networking (TON)},
  volume={13},
  number={5},
  pages={1160--1173},
  year={2005},
  publisher={IEEE Press}
}

@article{sobrinho2017correctness,
  title={Correctness of Routing Vector Protocols as a Property of Network Cycles},
  author={Sobrinho, Jo{\~a}o Lu{\'\i}s},
  journal={IEEE/ACM Transactions on Networking},
  volume={25},
  number={1},
  pages={150--163},
  year={2017},
  publisher={IEEE}
}

@phdthesis{gurney10thesis,
  title={Construction and verification of routing algebras},
  author={Gurney, Alexander J T},
  year={2009},
  school={University of Cambridge},
  url = {http://agurney.net/pubs/Gurney09}
}

@techreport{gurney:ultra:metric,
  title={Asynchronous iterations in ultrametric spaces}, 
  author={Gurney, Alexander J T},
  year={2017},
  url={https://arxiv.org/abs/1701.07434} 
 }

@book{gondran2008graphs,
  title={Graphs, dioids and semirings: new models and algorithms},
  author={Gondran, Michel and Minoux, Michel},
  volume={41},
  year={2008},
  publisher={Springer Science \& Business Media}
}

@article{sobrinho2010routing,
  title={Routing in equilibrium},
  author={Sobrinho, Joao Lu{\i}s and Griffin, Timothy G},
  journal={Mathematical Theory of Networks and System},
  year={2010}
}

@article{baras2010path,
  title={Path problems in networks},
  author={Baras, John S and Theodorakopoulos, George},
  journal={Synthesis Lectures on Communication Networks},
  volume={3},
  number={1},
  pages={1--77},
  year={2010},
  publisher={Morgan \& Claypool Publishers}
}

%%%%%%%%%%%%%%%%%%%
% Non-convergence %
%%%%%%%%%%%%%%%%%%%

@techreport{rfc3345,
  author = {D. McPherson and V. Gill and D. Walton and A. Retana},
  title = "Border Gateway Protocol ({BGP}) Persistent Route Oscillation Condition",
  type = "{RFC}",
  number = 3345,
  year = 2002,
  publisher = "{The Internet Engineering Taskforce}",
  url={http://www.ietf.org/rfc/rfc3345.txt}
}

@article{varadhan00oscillations,
  title={Persistent route oscillations in inter-domain routing},
  author={Varadhan, Kannan and Govindan, Ramesh and Estrin, Deborah},
  journal={Computer networks},
  volume={32},
  number={1},
  pages={1--16},
  year={2000},
  publisher={Elsevier}
}
	
@techreport{rfc4264,
  author = "Griffin, Timothy G and Huston, G",
  title = "{BGP} wedgies",
  type = "{RFC}",
  number = 4264,
  year = 2005,
  publisher = "{The Internet Engineering Taskforce}",
  url={http://www.ietf.org/rfc/rfc4264.txt}
}

@inproceedings{griffin1999policy,
  title={Policy disputes in path-vector protocols},
  author={Griffin, Timothy G and Shepherd, F Bruce and Wilfong, Gordon},
  booktitle={Network Protocols, 1999.(ICNP'99) Proceedings. Seventh International Conference on},
  pages={21--30},
  organization={IEEE}
}

%%%%%%%%%%%%%%%%%%%%%%%%%
% Routing constructions %
%%%%%%%%%%%%%%%%%%%%%%%%%

@inproceedings{gurney07lexicographic,
  title={Lexicographic products in metarouting},
  author={Gurney, Alexander J T and Griffin, Timothy G},
  booktitle={Network Protocols, 2007. ICNP 2007. IEEE International Conference on},
  pages={113--122},
  year={2007},
  organization={IEEE}
}

@inproceedings{gurney2010neighbour,
  title={Neighbor-specific BGP: An algebraic exploration},
  author={Gurney, Alexander J T and Griffin, Timothy G},
  booktitle={Network Protocols (ICNP), 2010 18th IEEE International Conference on},
  pages={103--112},
  year={2010},
  organization={IEEE}
}

@article{mohri2002kshortest,
  title={Semiring frameworks and algorithms for shortest-distance problems},
  author={Mohri, Mehryar},
  journal={Journal of Automata, Languages and Combinatorics},
  volume={7},
  number={3},
  pages={321--350},
  year={2002}
}


%%%%%%%%%%%%%%%%%
%% BGP related %%
%%%%%%%%%%%%%%%%%

@inproceedings{griffin2002analysis,
  title={Analysis of the MED Oscillation Problem in BGP},
  author={Griffin, Timothy G and Wilfong, Gordon},
  booktitle={Network Protocols, 2002. Proceedings. 10th IEEE International Conference on},
  pages={90--99},
  year={2002},
  organization={IEEE}
}

@inproceedings{dbgp:2017,
 author = {Sambasivan, Raja R. and Tran-Lam, David and Akella, Aditya and Steenkiste, Peter},
 title = {Bootstrapping Evolvability for Inter-domain Routing with D-BGP},
 booktitle = {SIGCOMM},
 year = {2017}
} 

@article{huston:99a,
        author = "Geoff Huston",
        title = "Interconnection, Peering and Settlements: Part {I}",
        volume = 2,
        number = 1,
        journal = "Internet Protocol Journal (Cisco)",
        month = "June", 
        year = {1999}
}

@article{huston:99b,
        author = "Geoff Huston",
        title = "Interconnection, Peering and Settlements: Part {II}",
        volume = 2,
        number = 2,
        journal = "Internet Protocol Journal (Cisco)",
        month = "June",
        year = {1999}
}


@book{zb2003,
	author = {Zhang, Randy and Bartell, Micah}, 
	title = "{BGP} Design and Implementation",
	publisher = "Cisco Press",
	year = {2003}
}

@book{wms2005,
	author = {White, Russ and McPherson, Danny and Sangli, Srihari}, 
	title = "Practical {BGP}",
	publisher = "Addison Wesley",
	year = {2005}
}


@techreport{rfc6126,
  author = "J. Chroboczek",
  title = "The Babel Routing Protocol",
  type = "{RFC}",
  number = 6126,
  year = {2011},
  publisher = "{The Internet Engineering Taskforce}",
  url={http://www.ietf.org/rfc/rfc6126.txt}
}

@inproceedings{aodv:2001, 
author={M. K. Marina and S. R. Das}, 
booktitle={Proceedings Ninth International Conference on Network Protocols. ICNP 2001}, 
title={On-demand multipath distance vector routing in ad hoc networks}, 
year={2001}, 
volume={}, 
number={}, 
pages={14-23}, 
}

@techreport{rfc2453,
  author = "G. Malkin",
  title = "RIP Version 2",
  type = "{RFC}",
  number = 2453,
  year = {1998},
  publisher = "{The Internet Engineering Taskforce}",
  url={http://www.ietf.org/rfc/rfc2453.txt}
}

@techreport{rfc7868,
  author = "D. Savage and J. Ng and S. Moore and D. Slice and P. Paluch and R. White",
  title = "Cisco's Enhanced Interior Gateway Routing Protocol (EIGRP)",
  type = "{RFC}",
  number = 7868,
  year = {2016},
  publisher = "{The Internet Engineering Taskforce}",
  url={http://www.ietf.org/rfc/rfc7868.txt}
}

@article{gouda:2003, 
author={M. G. Gouda and M. Schneider}, 
journal={IEEE/ACM Transactions on Networking}, 
title={Maximizable routing metrics}, 
year={2003}, 
volume={11}, 
number={4}, 
pages={663-675}, 
}


@techreport{rfc4271,
  author = "Y. Rekhter and T. Li and S. Hares",
  title = "A Border Gateway Protocol 4 ({BGP}-4)",
  type = "{RFC}",
  number = 4271,
  year = {2006},
  publisher = "{The Internet Engineering Taskforce}",
  url={http://www.ietf.org/rfc/rfc4271.txt}
}

@techreport{rfc1997,
  author = "R. Chandra and P. Traina and T. Li",
  title = "BGP Communities Attribute",
  type = "{RFC}",
  number = 1997,
  year = {1996},
  publisher = "{The Internet Engineering Taskforce}",
  url={http://www.ietf.org/rfc/rfc1997.txt}
}

@techreport{rfc7938,
  author = "Lapukhov, Petr  and Premji, Ariff  and Mitchell, Jon",
  title = "Use of {BGP} for Routing in Large-Scale Data Centers",
  type = "{RFC}",
  number = 7938,
  year = 2016,
  publisher = "{The Internet Engineering Taskforce}",
  url={http://www.ietf.org/rfc/rfc7938.txt}
}


@techreport{bgp:better:igp,
  author = "Lahiri, Parantap and Chen, George and Lapukhov, Petr and Nkposong, Edet and Maltz, Dave and Toomey, Robert and Yuan, Lihua",
  title = "Building Scalable Data Centers: {BGP} is the Better {IGP}!",
  type = "presentation",
  year = {2012},
  publisher = "{NANOG 55}"
}

@techreport{bgp:only:sdn,
  author = "Abouchaev, Adel and LaBerge, Tim and Lapukhov, Petr and Nkposong, Edet",
  title = "BrainSlug: A {BGP}-Only {SDN} Controller for Large-Scale Data-Centers",
  type = "presentation",
  year = 2013,
  publisher = "{NANOG} 58"
}

@techreport{bgp:evpn,
  author = "Shetty, Mayur and Kini, Pratima",
  title = "{BGP EVPN} in Datacenter and Layer-3 Data Center Interconnect",
  type = "presentation",
  year = 2015,
  publisher = "{NANOG} 66"
}

@techreport{bgp:tricks,
  author = "Hkposong, Edet and LaBerge, Tim  and Kitajima, Naoki",
  title = "Experiences with {BGP} in Large Scale Data Centers: Teaching an old protocol new tricks",
  type = "presentation",
  year = 2014,
  publisher = "{JANOG} 33"
}

%%%%%%%%%%%%%%%%%%%%%%%%%%%%%%
%% Asynchronous convergence %%
%%%%%%%%%%%%%%%%%%%%%%%%%%%%%%

@article{uresin1990parallel,
  title={Parallel asynchronous algorithms for discrete data},
  author={{\"U}resin, Aydin and Dubois, Michel},
  journal={Journal of the ACM (JACM)},
  volume={37},
  number={3},
  pages={588--606},
  year={1990},
  publisher={ACM}
}

@article{uresin1989sufficient,
  title={Sufficient conditions for the convergence of asynchronous iterations},
  author={{\"U}resin, Aydin and Dubois, Michel},
  journal={Parallel Computing},
  volume={10},
  number={1},
  pages={83--92},
  year={1989},
  publisher={Elsevier}
}

@article{frommer2000asynchronous,
  title={On asynchronous iterations},
  author={Frommer, Andreas and Szyld, Daniel B},
  journal={Journal of computational and applied mathematics},
  volume={123},
  number={1},
  pages={201--216},
  year={2000},
  publisher={Elsevier}
}

@article{zmigrod:2018,
  title={An Agda Formalization of \"{U}resin \& Dubois' Asynchronous Fixed-Point Theory},
  author={Zmigrod, Ran and Daggitt, Matthew L. and Griffin, Timothy G.},
  journal={9th International Conference on Interactive Theorem Proving ({ITP})},
  year=2018,
  month={July}
}

%%%%%%%%%%%%%%%%%%%%
%% Formal methods %%
%%%%%%%%%%%%%%%%%%%%


@inproceedings{Klein:2009, 
 author = {Klein, Gerwin and Elphinstone, Kevin and Heiser, Gernot and Andronick, June and Cock, David and Derrin, Philip and Elkaduwe, Dhammika and Engelhardt, Kai and Kolanski, Rafal and Norrish, Michael and Sewell, Thomas and Tuch, Harvey and Winwood, Simon},
 title = {seL4: Formal Verification of an OS Kernel},
 booktitle = {Proceedings of the ACM SIGOPS 22Nd Symposium on Operating Systems Principles (SOSP)},
 year = {2009},
} 


@inproceedings{foster:pldi:2013, 
 author = {Guha, Arjun and Reitblatt, Mark and Foster, Nate},
 title = {Machine-verified Network Controllers},
 booktitle = {PLDI},
 year = {2013}
}

@inproceedings{propane:2016,
 author = {Beckett, Ryan and Mahajan, Ratul and Millstein, Todd and Padhye, Jitendra and Walker, David},
 title = {Don'T Mind the Gap: Bridging Network-wide Objectives and Device-level Configurations},
 booktitle = {Proceedings of the 2016 ACM SIGCOMM Conference}
} 

@inproceedings{cake:ml:2014,
 author = {Kumar, Ramana and Myreen, Magnus O. and Norrish, Michael and Owens, Scott},
 title = {CakeML: A Verified Implementation of ML},
 booktitle = {POPL},
 year = {2014}
} 


@article{comp:cert:2009,
 author = {Leroy, Xavier},
 title = {Formal Verification of a Realistic Compiler},
 journal = {Commun. ACM},
 issue_date = {July 2009},
 volume = {52},
 number = {7},
 year = {2009},
 pages = {107--115}
} 

@inproceedings{formal:nat:2017,
 author = {Zaostrovnykh, Arseniy and Pirelli, Solal and Pedrosa, Luis and Argyraki, Katerina and Candea, George},
 title = {A Formally Verified NAT},
 booktitle = {SIGCOMM},
 year = {2017}
} 

@inproceedings{agda:2009, 
 author = {Norell, Ulf},
 title = {Dependently Typed Programming in Agda},
 booktitle = {Proceedings of the 4th International Workshop on Types in Language Design and Implementation},
 year = {2009}
} 


%%%%%%%%%%%
%% Other %%
%%%%%%%%%%%

@book{cormen01algorithms,
author = {Cormen, Thomas H. and Stein, Clifford and Rivest, Ronald L. and Leiserson, Charles E.},
isbn = {0070131511},
month = jul,
title = {{Introduction to Algorithms}},
url = {http://dl.acm.org/citation.cfm?id=580470},
year = {2001},
publisher = {McGraw-Hill Higher Education}
}


@article{schrijver2012history,
  title={On the history of the shortest path problem},
  author={Schrijver, Alexander},
  journal={Documenta Math},
  year={2012},
  pages={155-167}
}

@article{dijkstra1959note,
  title={A note on two problems in connexion with graphs},
  author={Dijkstra, Edsger W},
  journal={Numerische mathematik},
  volume={1},
  number={1},
  pages={269--271},
  year={1959},
  publisher={Springer}
}

@incollection{gondran1975path,
  title={Path algebra and algorithms},
  author={Gondran, M},
  booktitle={Combinatorial programming: methods and applications},
  pages={137--148},
  year={1975},
  publisher={Springer}
}

@article{carre1971algebra,
  title={An algebra for network routing problems},
  author={Carr{\'e}, Bernard A},
  journal={IMA Journal of Applied Mathematics},
  volume={7},
  number={3},
  pages={273--294},
  year={1971},
  publisher={IMA}
}

@book{black2000ip,
  title={IP routing protocols: RIP, OSPF, BGP, PNNI, and Cisco routing protocols},
  author={Black, Uyless D},
  year={2000},
  publisher={Prentice Hall Professional},
  pages={113--115}
}

@book{kohlas2006exact,
  title={Exact and approximate local computation in semiring induced valuation algebras},
  author={Kohlas, J{\"u}rg and Wilson, Nic},
  year={2006},
  publisher={Department of Informatics University of Fribourg}
}

@article{Griffin2012,
author="Griffin, Timothy G.",
title="Exploring the stratified shortest-paths problem",
journal="Networking Science",
year="2012",
month="Mar",
day="01",
volume="1",
number="1",
pages="2--14",
issn="2076-0329",
doi="10.1007/s13119-011-0003-6",
url="https://doi.org/10.1007/s13119-011-0003-6"
}

@article{daggitt2018rate,
title="Rate of convergence of increasing path-vector routing protocols",
author="Daggitt, Matthew L. and Griffin, Timothy G.",
year="2018",
note="Under submission"
}

@misc{agda-routing,
title = {Agda Routing Library},
author= {Daggitt, Matthew L. and Zmigrod, Ran and Griffin, Timothy G.},
url   = {https://github.com/MatthewDaggitt/agda-routing/tree/sigcomm2018},
year  = {2018}
}


